../_data/150EC0C1DB947LLX3DCKJFF54WQSAWMBM6X7/default_files/My Thesis.bib